@Article {export:64537,
    author       = {Jim Gray and David T. Liu and Maria A. Nieto-Santisteban and Alexander S. Szalay
        and Gerd Heber and David DeWitt},
    journal      = {ACM SIGMOD Record},
    title        = {Scientific Data Management in the Coming Decade},
    year         = {2005}
}

@misc{copernicus,
	Note = {http://www.copernicus.eu}
}

@misc{weatherunderground,
    Note = {http://www.wunderground.com/}
}

@misc{knmi,
    Note = {http://www.knmi.nl/index\_en.html}
}

@misc{sciql_and_datavault,
    Note = {http://www.earthobservatory.eu/SciQL\_and\_Data\_Vault}
}

@misc{las_standard,
    Note ={http://www.asprs.org/a/society/committees/lidar/lidar\_format.html}
}

@misc{laszip,
    Note = {http://www.laszip.org/}
}

@misc{pg_pointcloud,
    Note = {https://github.com/pramsey/pointcloud}
}

@misc{ahn,
    Note = {http://www.ahn.nl}
}

@misc{ahnGe,
    Note = {http://ahn.geodan.nl/ahn/}
}

@misc{qgis,
    Note = {http://www.qgis.org}
}

@misc{pyramid,
    AUTHOR = "Oscar Olmedo",
    title={The pyramid of data science},
    howpublished = {\url{http://datacommunitydc.org/blog/2013/08/thepyramid-of-data-science/}},
    year = "2013"
}

@misc{ahn2Post,
    AUTHOR = "Steven Ottens",
    title = {{Loading AHN2 into PostgreSQL pointcloud}},
    howpublished = {\url{http://www.geodan.nl/loading-ahn2-into-postgresql-pointcloud/}},
    year = "2014"
} 

@misc{rapidlasso,
    AUTHOR = "",
    title = {{rapidlasso GmbH}},
    howpublished = {\url{http://rapidlasso.com/}},
    year = "2014"
} 

@misc{ogc-sfa,
    title = "{Open Geospatial Consortium. OpenGIS Implementation Specification for Geographic information - Simple feature access - Part 2: SQL option}",
    howpublished = "OpenGIS Implementation Standard",
    year = "2010",
}

@article{deWitt92,
    author = {D. DeWitt and J. Gray},
    title = {{Parallel Database Systems: The Future of High Performance Database Systems}},
    journal = {CACM},
    year = {1992}
}

@inproceedings{milena09,
    author = {Ivanova, Milena and Kersten, Martin and Nes, Niels and Goncalves, Romulo },
    title = {{An architecture for recycling intermediates in a column-store}},
    booktitle = {SIGMOD},
    year = {2009}
}

@article{milena10,
    author = {Ivanova, Milena and Kersten, Martin and Nes, Niels and Goncalves, Romulo},
    title = {{An architecture for recycling intermediates in a column-store}},
    journal = {TODS},
    year = {2010}
}

@inproceedings{ivanova13,
    author = {Ivanova, Milena and Kargin, Ya\u{g}iz and et al},
    title = {{Data Vaults: A Database Welcome to Scientific File Repositories}},
    series = {SSDBM},
    year = {2013}
} 

@inproceedings{kersten11,
    author = {Kersten, M. and Zhang, Y. and Ivanova, M. and Nes, N.},
    title = {{SciQL, a Query Language for Science Applications}},
    series = {AD},
    year = {2011}
} 

@article{DBLP:journals/debu/KriegelBS93,
    author    = {Hans{-}Peter Kriegel and
        Thomas Brinkhoff and
            Ralf Schneider},
    title     = {Efficient Spatial Query Processing in Geographic Database Systems},
    journal   = {{IEEE} Data Eng. Bull.},
    year      = {1993}
}

@inproceedings{DBLP:conf/siggraph/NelsonS86,
    author    = {Randal C. Nelson and
        Hanan Samet},
    title     = {A consistent hierarchical representation for vector data},
    booktitle = {Proceedings of the 13th {SIGGRAPH}},
    year      = {1986}
}

@inproceedings{DBLP:conf/sigmod/Guttman84,
    author    = {Antonin Guttman},
    title     = {R-Trees: {A} Dynamic Index Structure for Spatial Searching},
    booktitle = {SIGMOD'84, Proceedings of Annual Meeting},
    year      = {1984}
}

@article{DBLP:journals/vldb/BonczK99,
    author    = {Peter A. Boncz and
        Martin L. Kersten},
    title     = {{MIL} Primitives for Querying a Fragmented World},
    journal   = {{VLDB} J.},
    year      = {1999}
}

@inproceedings{DBLP:conf/sigmod/AbadiMF06,
    author    = {Daniel J. Abadi and
        Samuel Madden and
            Miguel Ferreira},
    title     = {Integrating compression and execution in column-oriented database
        systems},
    booktitle = {Proceedings of the {ACM} {SIGMOD}},
    year      = {2006}
}

@article{DBLP:journals/pvldb/BonczMK09,
    author    = {Peter A. Boncz and
        Stefan Manegold and
            Martin L. Kersten},
    title     = {Database Architecture Evolution: Mammals Flourished long before Dinosaurs
        became Extinct},
    journal   = {{PVLDB}},
    year      = {2009}
}

@article{DBLP:journals/tkde/ManegoldBK02,
    author    = {Stefan Manegold and
        Peter A. Boncz and
            Martin L. Kersten},
    title     = {Optimizing Main-Memory Join on Modern Hardware},
    journal   = {{IEEE} TKDE},
    year      = {2002}
}

@inproceedings{DBLP:conf/sigmod/AbadiMH08,
    author    = {Daniel J. Abadi and
        Samuel Madden and
            Nabil Hachem},
    title     = {Column-stores vs. row-stores: how different are they really?},
    booktitle = {Proceedings of the {ACM} {SIGMOD}},
    year      = {2008}
}

@inproceedings{DBLP:conf/icde/AbadiMDM07,
    author    = {Daniel J. Abadi and
        Daniel S. Myers and
            David J. DeWitt and
            Samuel Madden},
    title     = {Materialization Strategies in a Column-Oriented {DBMS}},
    booktitle = {Proceedings of the 23rd ICDE},
    year      = {2007}
}

@inproceedings{DBLP:conf/cidr/BonczZN05,
    author    = {Peter A. Boncz and
        Marcin Zukowski and
            Niels Nes},
    title     = {MonetDB/X100: Hyper-Pipelining Query Execution},
    booktitle = {{CIDR}},
    year      = {2005},
}

@inproceedings{DBLP:conf/sigmod/SidirourgosK13,
    author    = {Lefteris Sidirourgos and
        Martin L. Kersten},
    title     = {Column imprints: a secondary index structure},
    booktitle = {Proceedings of the {ACM} {SIGMOD}} ,
    year      = {2013},
}

@inproceedings{DBLP:conf/sigmod/PatelD96,
    author    = {Jignesh M. Patel and
        David J. DeWitt},
    title     = {Partition Based Spatial-Merge Join},
    booktitle = {Proceedings of the 1996 {ACM} {SIGMOD}},
    year      = {1996},
}

@inproceedings{DBLP:conf/vldb/StonebrakerABCCFLLMOORTZ05,
    author    = {Michael Stonebraker and
        Daniel J. Abadi and
            Adam Batkin and et al},
    title     = {C-Store: {A} Column-oriented {DBMS}},
    booktitle = {Proceedings of the 31st VLDB},
    year      = {2005},
}

@article{DBLP:journals/tkde/Graefe94,
    author    = {Goetz Graefe},
    title     = {Volcano - An Extensible and Parallel Query Evaluation System},
    journal   = {{IEEE} TKDE},
    year      = {1994},
}

@proceedings{DBLP:conf/siggraph/1986,
    editor    = {David C. Evans and
        Russell J. Athay},
    title     = {Proceedings of the 13th {SIGGRAPH}},
    publisher = {ACM},
    year      = {1986}
}

@proceedings{DBLP:conf/sigmod/84,
    editor    = {Beatrice Yormark},
    title     = {SIGMOD'84, Proceedings of Annual Meeting},
    publisher = {{ACM} Press},
    year      = {1984},
}

@proceedings{DBLP:conf/sigmod/2006,
    editor    = {Surajit Chaudhuri and
        Vagelis Hristidis and
            Neoklis Polyzotis},
    title     = {Proceedings of the {ACM} {SIGMOD}},
    publisher = {{ACM}},
    year      = {2006},
}

@proceedings{DBLP:conf/sigmod/2008,
    editor    = {Jason Tsong{-}Li Wang},
    title     = {Proceedings of the {ACM} {SIGMOD}},
    publisher = {{ACM}},
    year      = {2008},
}

@proceedings{DBLP:conf/icde/2007,
    editor    = {Rada Chirkova and
        Asuman Dogac and
            M. Tamer {\"{O}}zsu and
            Timos K. Sellis},
    title     = {Proceedings of the 23rd ICDE},
    publisher = {{IEEE}},
    year      = {2007},
}

@proceedings{DBLP:conf/vldb/2005,
    editor    = {Klemens B{\"{o}}hm and
        Christian S. Jensen and
            Laura M. Haas and
            Martin L. Kersten and
            Per{-}{\AA}ke Larson and
            Beng Chin Ooi},
    title     = {Proceedings of the 31st VLDB},
    publisher = {{ACM}},
    year      = {2005},
}

@proceedings{DBLP:conf/sigmod/2013,
    editor    = {Kenneth A. Ross and
        Divesh Srivastava and
            Dimitris Papadias},
    title     = {Proceedings of the {ACM} {SIGMOD}},
    year      = {2013}
}

@proceedings{DBLP:conf/sigmod/96,
    editor    = {H. V. Jagadish and
        Inderpal Singh Mumick},
    title     = {Proceedings of the 1996 {ACM} {SIGMOD}},
    publisher = {{ACM} Press},
    year      = {1996},
}

@misc{osm,
    Note ={http://www.openstreetmap.org/}
}

@misc{geonames,
    Note ={http://www.geonames.org/}
}

@misc{bag,
    Note ={http://www.kadaster.nl/bag}
}

@misc{ua,
    Note ={http://www.eea.europa.eu/data-and-maps/data/urban-atlas}
}


@article{rubi14,
    author = {Oscar Martinez-Rubi and Martin L. Kersten and Romulo Goncalves and Milena Ivanova},
    title = {{A column-store meets the point cloud}},
    journal = {FOSS4G-Europe},
    year = {2014}
}

@article{oosterom15,
    author = {Peter van Oosterom and Oscar Martinez-Rubi and et al},
    title = {Massive point cloud data management: design, implementation and execution of a point cloud benchmark},
    journal = {Computer Graphics},
    year = {2015}
}

@article{oosterom96,
    author = {Peter van Oosterom and Tom Vijlbrief},
    title = {The spatial location code},
    booktitle = {Proceedings of the 7th International Symposium on Spatial Data Handling, Delft, The Netherlands},
    year = {1996}
}

@incollection{hilbert,
    author={Sagan, Hans},
    title={Hilbert's Space-Filling Curve},
    booktitle={Space-Filling Curves},
    year={1994},
    publisher={Springer New York},
    pages={9-30}
}

@misc{zlas,
    AUTHOR       = "",
    title = {{Esri ArgGIS LAS Optimizer}},
    howpublished = {\url{http://www.arcgis.com}},
    year         = "2014"
}

@misc{grass,
    Note ={http://grass.osgeo.org/}
}

@Manual{R,
    title = {R: A Language and Environment for Statistical Computing},
    author = {{R Core Team}},
    organization = {R Foundation for Statistical Computing},
    address = {Vienna, Austria},
    year = {2014},
    url = {http://www.R-project.org/},
}


@Article{gstat,
    title = {Multivariable geostatistics in {S}: the gstat package},
    author = {Edzer J. Pebesma},
    journal = {Computers \& Geosciences},
    year = {2004},
    volume = {30},
    pages = {683-691},
}

@Book{geoR,
    title = {Model Based Geostatistics},
    author = {Peter J. Diggle and Paulo J. Ribeiro Jr},
    publisher = {Springer},
    address = {New York},
    year = {2007},
}


@inproceedings{MonetDB.R,
    author = {M\"{u}hleisen, Hannes and Lumley, Thomas},
    title = {Best of Both Worlds: Relational Databases and Statistics},
    booktitle = {Proceedings of the 25th SSDBM},
    year = {2013},
} 


@MISC {embeddedR,
    author = {Hannes M\"{u}hleisen},
    title  = {Embedded {R} in {MonetDB}},
    year   = "2014",
    note   = "https://www.monetdb.org/content/embedded-r-monetdb"
}

@article{aloisio09,
    author = {Aloisio, Giovanni and Fiore, Sandro},
    title = {Towards Exascale Distributed Data Management},
    journal = {Int. J. High Perform. Comput. Appl.},
    year = {2009},
} 

@article{foteini15,
    author = {Foteini Alvanaki and  Romulo Goncalves and Milena Ivanova and Martin Kersten and Kostis Kyzirakos},
    title = {{GIS} navigation boosted by column stores},
    journal = {PVLDB},
    year = {2015}
}

@MISC{romulo14,
    author = {Romulo Goncalves and Milena Ivanova and Martin Kersten and et al},
    title = {Big Data analytics in the Geo-Spatial Domain},
    year = {2014},
    note = {Proceedings of Target Conference 2014 Big Data Across Disciplines}
}

@article{vanHove201591,
    author = "L.W.A. van Hove and C.M.J. Jacobs and B.G. Heusinkveld and J.A. Elbers and B.L. van Driel and A.A.M. Holtslag",
    title = "Temporal and spatial variability of urban heat island and thermal comfort within the {Rotterdam} agglomeration ",
    journal = "Building and Environment ",
    year = "2015",
}

@misc{cdo,
    Note ={https://code.zmaw.de/projects/cdo}
}

@misc{saga,
    Note = {http://saga-gis.org/en/index.html}
}

@misc{saga_svf,
    note = {http://www.saga-gis.org/saga\_module\_doc/2.1.3/ta\_lighting\_3.html}
}

@misc{conceptual_schema,
    note = {http://en.wikipedia.org/wiki/Conceptual\_schema}
}

@misc{netcdf,
    note = {http://www.unidata.ucar.edu/software/netcdf/}
}

@article{fiore13,
    author = "S. Fiore and A. D’Anca and C. Palazzo and I. Foster and D.N. Williams and G. Aloisio",
    title = "Ophidia: Toward Big Data Analytics for eScience ",
    journal = "Procedia Computer Science ",
    note = "International Conference on Computational Science",
    year = "2013"
}

@article {JOC:JOC3370050410,
    author = {Barring, Lars and Mattsson, Jan O. and Lindqvist, Sven},
    title = {Canyon geometry, street temperatures and urban heat island in malmö, sweden},
    journal = {Journal of Climatology},
    year = {1985}
}

@article{Ketterer2014573,
    author = "Christine Ketterer and Andreas Matzarakis",
    title = "Human-biometeorological assessment of the urban heat island in a city with complex topography – The case of Stuttgart, Germany ",
    journal = "Urban Climate ",
    year = "2014"
}

@article{hoppe99,
    author={Hoppe, P.},
    title={The physiological equivalent temperature – a universal index for the biometeorological assessment of the thermal environment},
    journal={International Journal of Biometeorology},
    publisher={Springer-Verlag},
    year={1999}
}

@incollection{skiplists,
    author={Pugh, William},
    title={Skip lists: A probabilistic alternative to balanced trees},
    booktitle={Algorithms and Data Structures},
    series={Lecture Notes in Computer Science},
    publisher={Springer Berlin Heidelberg},
    pages={437-449},
    year={1989}
}

@article {MonetDB,
    author = {Stratos Idreos and Fabian Groffen and Niels Nes and Stefan Manegold and Sjoerd Mullender and Martin Kersten},
    title = {MonetDB: Two Decades of Research in Column-oriented Database Architectures},
    journal = {IEEE Data Engineering Bulletin},
    pages = {40-45},
    year = {2012}
}

@article{Martinez-Rubi15,
    author = {Martinez-Rubi, Oscar and van Oosterom, Peter and Gon\c{c}alves, Romulo and Tijssen, Theo and Ivanova, Milena and Kersten, Martin L. and Alvanaki, Foteini},
    title = {Benchmarking and Improving Point Cloud Data Management in MonetDB},
    journal = {SIGSPATIAL Special},
    pages = {11--18},
    publisher = {ACM},
    year = {2015}
} 
